@article{Ramsey1930FormalLogic,
  title = {On a problem of formal logic},
  journal = {Proc. London Math. Soc.},
  volume = {30},
  pages = {264--286},
  year = {1930},
  author = {Frank P. Ramsey},
}

@article{Petrckov2014OnlineRT,
  title = {Online Ramsey Theory for Planar Graphs},
  author = {{\v S}{\'a}rka Pet{\v r}{\'i}{\v c}kov{\'a}},
  journal = {Electronic Journal of Combinatorics},
  year = {2014},
  volume = {21},
  pages = {1--64}
}

