@article{SchierreichS22,
	author  = {Schierreich, Š. and Suchý, O.},
	title   = {Waypoint routing on bounded treewidth graphs},
	journal = {Inf. Process. Lett.},
	volume  = {173},
	pages   = {106165},
	year    = {2022},
	issn    = {0020-0190},
	doi     = {10.1016/j.ipl.2021.106165},
	url_     = {https://www.sciencedirect.com/science/article/pii/S0020019021000806},
}


@article{Author2020Paper,
    title   = {The hat guessing number of graphs},
    author  = {Noga Alon and Omri Ben-Eliezer and Chong Shangguan and Itzhak Tamo},
    journal = {Journal of Combinatorial Theory, Series B},
    volume  = {144},
    pages   = {119--149},
    year    = {2020},
    issn    = {0095-8956},
    doi     = {10.1016/j.jctb.2020.01.003}
}

@article{Dimitrov2011SocialChoice,
    title   = {The Social Choice Approach to Group Identification},
    author  = {Dinko Dimitrov},
    journal = {Consensual Processes},
    volume  = {267},
    pages   = {123--134},
    year    = {2011},
    doi     = {10.1007/978-3-642-20533-0\_7}
}

@article{Kasher1997Question,
    title     = {On the Question ”Who is a J?” a Social Choice Approach},
    author    = {Asa Kasher and Ariel Rubinstein},
    journal   = {Logique et Analyse},
    volume    = {40},
    number    = {160},
    pages     = {385--395},
    year      = {1997},
    publisher = {Peeters Publishers},
    ISSN      = {00245836, 22955836},
    URL       = {http://www.jstor.org/stable/44084614}
}

@article{Erdelyi2019Complexity,
    title   = {The complexity of bribery and control in group identification},
    author  = {G{\'a}bor Erd{\'e}lyi and Christian Reger and Yongjie Yang},
    journal = {{AAMAS}},
    volume  = {34},
    number  = {8},
    year    = {2019},
    ISSN    = {1573-7454},
    URL     = {10.1007/s10458-019-09427-9}
}

@article{Samet2003Between,
    title   = {Between liberalism and democracy},
    author  = {Dov Samet and David Schmeidler},
    volume  = {110},
    number  = {2},
    pages   = {213--233},
    year    = {2003},
    issn    = {0022-0531},
    journal = {J. Econ. Theory},
    doi     = {10.1016/S0022-0531(03)00080-2}
}

@article{Sullivan2021Brain,
    title   = {Deep brain stimulation for psychiatric disorders: From focal brain targets to cognitive networks},
    author  = {Christi R.P. Sullivan and Sarah Olsen and Alik S. Widge},
    volume  = {225},
    pages   = {117515},
    year    = {2021},
    issn    = {1053-8119},
    journal = {NeuroImage},
    doi     = {10.1016/j.neuroimage.2020.117515}
}

@article{Yang2018Group,
    author  = {Yongjie Yang and Dinko Dimitrov},
    title   = {How hard is it to control a group?},
    year    = {2018},
    volume  = {32},
    number  = {5},
    pages   = {672--692},
    journal = {Autonomous Agents and Multi-Agent Systems},
    issn    = {1573-7454},
    doi     = {10.1007/s10458-018-9392-1}
}

@article{Cho2017Multinary,
    author  = {Wonki Jo Cho and Biung-Ghi Ju},
    title   = {Multinary group identification},
    journal = {Theor. Econ.},
    editor  = {Hoboken Wiley},
    volume  = {12},
    number  = {2},
    pages   = {513--531},
    year    = {2017},
    issn    = {1555-7561},
    doi     = {10.3982/TE2156}
}

@book{CyganFKLMPPS15,
    author    = {Marek Cygan and
                 Fedor V. Fomin and
                 \L{}ukasz Kowalik and
                 Daniel Lokshtanov and
                 D{\'{a}}niel Marx and
                 Marcin Pilipczuk and
                 Micha\l{} Pilipczuk and
                 Saket Saurabh},
    title     = {Parameterized Algorithms},
    publisher = {Springer},
    year      = {2015},
    url_       = {https://doi.org/10.1007/978-3-319-21275-3},
    doi       = {10.1007/978-3-319-21275-3},
    isbn      = {978-3-319-21274-6}
}

@book{DowneyF13,
    author    = {Rodney G. Downey and
                 Michael R. Fellows},
    title     = {Fundamentals of Parameterized Complexity},
    series    = {Texts in Computer Science},
    publisher = {Springer},
    year      = {2013},
    url_       = {https://doi.org/10.1007/978-1-4471-5559-1},
    doi       = {10.1007/978-1-4471-5559-1},
    isbn      = {978-1-4471-5558-4}
}

@inproceedings{BoehmerBKL20,
    author    = {Niclas Boehmer and
                 Robert Bredereck and
                 Du{\v{s}}an Knop and
                 Junjie Luo},
    title     = {Fine-Grained View on Bribery for Group Identification},
    booktitle = {{IJCAI} 2020},
    pages     = {67--73},
    year      = {2020},
    doi       = {10.24963/ijcai.2020/10}
}

@inproceedings{KempeKT05,
    author    = {David Kempe and
                 Jon M. Kleinberg and
                 {\'{E}}va Tardos},
    editor    = {Lu{\'{\i}}s Caires and
                 Giuseppe F. Italiano and
                 Lu{\'{\i}}s Monteiro and
                 Catuscia Palamidessi and
                 Moti Yung},
    title     = {Influential Nodes in a Diffusion Model for Social Networks},
    booktitle = {Automata, Languages and Programming, 32nd International Colloquium,
                 {ICALP} 2005, Lisbon, Portugal, July 11-15, 2005, Proceedings},
    series    = {Lecture Notes in Computer Science},
    volume    = {3580},
    pages     = {1127--1138},
    publisher = {Springer},
    year      = {2005},
    url_       = {https://doi.org/10.1007/11523468\_91},
    doi       = {10.1007/11523468\_91}
}

@article{BazganCNS14,
    author    = {Cristina Bazgan and
                 Morgan Chopin and
                 Andr{\'{e}} Nichterlein and
                 Florian Sikora},
    title     = {Parameterized Inapproximability of Target Set Selection and Generalizations},
    journal   = {Computability},
    volume    = {3},
    number    = {2},
    pages     = {135--145},
    year      = {2014},
    url_      = {https://doi.org/10.3233/COM-140030},
    doi       = {10.3233/COM-140030}
}

@article{NichterleinNUW13,
    author    = {Andr{\'{e}} Nichterlein and
                 Rolf Niedermeier and
                 Johannes Uhlmann and
                 Mathias Weller},
    title     = {On tractable cases of Target Set Selection},
    journal   = {Social Netw. Analys. Mining},
    volume    = {3},
    number    = {2},
    pages     = {233--256},
    year      = {2013},
    url_      = {https://doi.org/10.1007/s13278-012-0067-7},
    doi       = {10.1007/s13278-012-0067-7}
}

@article{ChopinNNW14,
    author    = {Morgan Chopin and
                 Andr{\'{e}} Nichterlein and
                 Rolf Niedermeier and
                 Mathias Weller},
    title     = {Constant Thresholds Can Make Target Set Selection Tractable},
    journal   = {Theory Comput. Syst.},
    volume    = {55},
    number    = {1},
    pages     = {61--83},
    year      = {2014},
    url_      = {https://doi.org/10.1007/s00224-013-9499-3},
    doi       = {10.1007/s00224-013-9499-3}
}

@article{Chen09,
    title     = {On the approximability of influence in social networks},
    author    = {Chen, Ning},
    journal   = {{SIAM} J. Discrete Math.},
    journal_  = {SIAM Journal on Discrete Mathematics},
    volume    = {23},
    number    = {3},
    pages     = {1400--1415},
    year      = {2009},
    publisher = {SIAM}
}


@inproceedings{BenZwiHLN09,
    author     = {Ben-Zwi, Oren and Hermelin, Danny and Lokshtanov, Daniel and Newman, Ilan},
    title      = {An Exact Almost Optimal Algorithm for Target Set Selection in Social Networks},
    booktitle  = {{EC} 2009},
    booktitle_ = {Proceedings of the 10th ACM Conference on Electronic Commerce},
    series_    = {EC '09},
    year       = {2009},
    isbn       = {978-1-60558-458-4},
    pages      = {355--362},
    doi        = {10.1145/1566374.1566424},
    acmid      = {1566424},
    publisher  = {ACM},
    address_   = {New York, NY, USA},
}

@article{DreyerR09,
    author    = {Paul A. {Dreyer, Jr.} and
                 Fred S. Roberts},
    title     = {Irreversible k-threshold processes: Graph-theoretical threshold models
                 of the spread of disease and of opinion},
    journal   = {Discrete Applied Mathematics},
    volume    = {157},
    number    = {7},
    pages     = {1615--1627},
    year      = {2009},
    doi       = {10.1016/j.dam.2008.09.012},
}


@inproceedings{DomingosR01,
    title        = {Mining the network value of customers},
    author       = {Domingos, Pedro and Richardson, Matt},
    booktitle    = {SIGKDD},
    pages        = {57--66},
    year         = {2001},
    organization = {ACM}
}

@inproceedings{RichardsonD02,
    author    = {Richardson, Matthew and Domingos, Pedro},
    title     = {Mining Knowledge-sharing Sites for Viral Marketing},
    booktitle = {SIGKDD},
    series_   = {KDD '02},
    year      = {2002},
    isbn      = {1-58113-567-X},
    location  = {Edmonton, Alberta, Canada},
    pages     = {61--70},
    numpages  = {10},
    doi       = {10.1145/775047.775057},
    acmid     = {775057},
    publisher = {ACM},
    address_  = {New York, NY, USA},
}

@inproceedings{GarimellaGPT17,
    author    = {Kiran Garimella and
                 Aristides Gionis and
                 Nikos Parotsidis and
                 Nikolaj Tatti},
    title     = {Balancing information exposure in social networks},
    booktitle = {{NIPS 2017}},
    booktitle_ = {Advances in Neural Information Processing Systems 30: Annual Conference
                  on Neural Information Processing Systems 2017, 4-9 December 2017,
                  Long Beach, CA, {USA}},
    pages     = {4663--4671},
    year      = {2017},
    crossref  = {DBLP:conf/nips/2017},
    url_      = {http://papers.nips.cc/paper/7052-balancing-information-exposure-in-social-networks}
}

@proceedings{DBLP:conf/nips/2017,
    editor_    = {Isabelle Guyon and
                  Ulrike von Luxburg and
                  Samy Bengio and
                  Hanna M. Wallach and
                  Rob Fergus and
                  S. V. N. Vishwanathan and
                  Roman Garnett},
    title     = {NIPS 2017},
    title_     = {Advances in Neural Information Processing Systems 30: Annual Conference
                  on Neural Information Processing Systems 2017, 4-9 December 2017,
                  Long Beach, CA, {USA}},
    year      = {2017}
}

@inproceedings{BorgsBCL14,
    author    = {Christian Borgs and
                 Michael Brautbar and
                 Jennifer T. Chayes and
                 Brendan Lucier},
    title     = {Maximizing Social Influence in Nearly Optimal Time},
    booktitle = {{SODA} 2014},
    booktitle_ = {Proceedings of the Twenty-Fifth Annual {ACM-SIAM} Symposium on Discrete
                  Algorithms, {SODA} 2014, Portland, Oregon, USA, January 5-7, 2014},
    pages     = {946--957},
    year      = {2014},
    crossref  = {DBLP:conf/soda/2014},
    url_      = {https://doi.org/10.1137/1.9781611973402.70},
    doi       = {10.1137/1.9781611973402.70}
}

@proceedings{DBLP:conf/soda/2014,
    editor_    = {Chandra Chekuri},
    title     = {{SODA} 2014},
    title_     = {Proceedings of the Twenty-Fifth Annual {ACM-SIAM} Symposium on Discrete
                  Algorithms, {SODA} 2014, Portland, Oregon, USA, January 5-7, 2014},
    publisher = {{SIAM}},
    year      = {2014},
    url_      = {https://doi.org/10.1137/1.9781611973402},
    doi       = {10.1137/1.9781611973402},
    isbn      = {978-1-61197-338-9}
}

@article{BeckerCDG19,
    title   = {Balancing Spreads of Influence in a Social Network},
    volume  = {34},
    url     = {https://ojs.aaai.org/index.php/AAAI/article/view/5327},
    DOI     = {10.1609/aaai.v34i01.5327},
    number  = {01},
    journal = {{AAAI}},
    author  = {Becker, Ruben and Corò, Federico and D’Angelo, Gianlorenzo and Gilbert, Hugo},
    year    = {2020},
    pages   = {3--10}
}

@inproceedings{DvorakKT18,
    author    = {Pavel Dvo{\v{r}}{\'{a}}k and
                 Du{\v{s}}an Knop and
                 Tom{\'{a}}{\v{s}} Toufar},
    title     = {Target Set Selection in Dense Graph Classes},
    booktitle = {{ISAAC} 2018},
    booktitle_ = {29th International Symposium on Algorithms and Computation, {ISAAC}
                  2018, December 16-19, 2018, Jiaoxi, Yilan, Taiwan},
    pages     = {18:1--18:13},
    year      = {2018},
    crossref  = {DBLP:conf/isaac/2018},
    url_      = {https://doi.org/10.4230/LIPIcs.ISAAC.2018.18},
    doi       = {10.4230/LIPIcs.ISAAC.2018.18}
}

@proceedings{DBLP:conf/isaac/2018,
    editor_    = {Wen{-}Lian Hsu and
                  Der{-}Tsai Lee and
                  Chung{-}Shou Liao},
    title = {{ISAAC} 2018},
    title_     = {29th International Symposium on Algorithms and Computation, {ISAAC}
                  2018, December 16-19, 2018, Jiaoxi, Yilan, Taiwan},
    series    = {LIPIcs},
    volume_   = {123},
    publisher = {Dagstuhl},
    publisher_= {Schloss Dagstuhl - Leibniz-Zentrum f{\"{u}}r Informatik},
    year      = {2018},
    url_      = {http://www.dagstuhl.de/dagpub/978-3-95977-094-1},
    isbn      = {978-3-95977-094-1}
}

@article{TOVEY198485,
title = {A simplified NP-complete satisfiability problem},
journal = {Discrete Applied Mathematics},
volume = {8},
number = {1},
pages = {85-89},
year = {1984},
issn = {0166-218X},
doi = {https://doi.org/10.1016/0166-218X(84)90081-7},
url = {https://www.sciencedirect.com/science/article/pii/0166218X84900817},
author = {Craig A. Tovey}
}


@article{Marx10,
  author    = {D{\'{a}}niel Marx},
  title     = {Can You Beat Treewidth?},
  journal   = {Theory of Computing},
  volume    = {6},
  number    = {1},
  pages     = {85--112},
  year      = {2010},
  _url_      = {https://doi.org/10.4086/toc.2010.v006a005},
  doi       = {10.4086/toc.2010.v006a005}
}

@article{Pietrzak03,
  author    = {Krzysztof Pietrzak},
  title     = {On the parameterized complexity of the fixed alphabet shortest common
               supersequence and longest common subsequence problems},
  journal   = {J. Comput. Syst. Sci.},
  volume    = {67},
  number    = {4},
  pages     = {757--771},
  year      = {2003},
  url_      = {https://doi.org/10.1016/S0022-0000(03)00078-3},
  doi       = {10.1016/S0022-0000(03)00078-3}
}
