@unpublished{BL,
    author = {Bednarska-Bzdęga, Małgorzata and \L{}uczak, Tomasz},
    keywords = {Combinatorics (math.CO), FOS: Mathematics, FOS: Mathematics, 05C55, 05C57, 91A46},
    title = {On the size {R}amsey numbers for a pair of cycles},
    note = {submitted},
}

@misc{LPR,
    doi = {10.48550/ARXIV.2208.08350},
    _url = {https://arxiv.org/abs/2208.08350},
    author = {\L{}uczak, Tomasz and Polcyn, Joanna and Rahimi, Zahra},
    keywords = {Combinatorics (math.CO), FOS: Mathematics, FOS: Mathematics, 05C55, 05C57, 91A46},
    title = {On the restricted size {R}amsey number for a pair of cycles},
    publisher = {arXiv},
    year = {2022},
}

@unpublished{ABC4,
    doi = {10.48550/ARXIV.2211.12204},
    _url = {https://arxiv.org/abs/2211.12204},
    author = {Adamski, Grzegorz and Bednarska-Bzdęga, Małgorzata},
    keywords = {Combinatorics (math.CO), FOS: Mathematics, FOS: Mathematics, 05C55, 05C57, 91A46},
    title = {Online size {R}amsey numbers: Paths vs {$C_4$}},
    publisher = {arXiv},
    note={submitted},
}

@unpublished{lowerbound2021,
    doi = {10.48550/ARXIV.2111.14147},
    _url = {https://arxiv.org/abs/2111.14147},
    author = {Adamski, Grzegorz and Bednarska-Bzdęga, Małgorzata},
    keywords = {Combinatorics (math.CO), FOS: Mathematics, FOS: Mathematics, 05C55, 05C57, 91A46},
    title = {Online size {R}amsey numbers: Odd cycles vs connected graphs},
    publisher = {arXiv},
    note={submitted},
}

@InProceedings{Blazej2019b,
    author     = {V{\'{a}}clav Blažej and Pavel Dvo{\v r}{\'{a}}k and Tom{\'{a}}{\v s} Valla},
    booktitle  = {14th International Computer Science Symposium in Russia, {CSR} 2019},
    title      = {On Induced Online {R}amsey Number of Paths, Cycles, and Trees},
    year       = {2019},
    editor     = {Ren{\'{e}} van Bevern and Gregory Kucherov},
    pages      = {60--69},
    publisher  = {Springer},
    series     = {Lecture Notes in Computer Science},
    volume     = {11532},
    comment        = {10.1007/978-3-030-19955-5_6},
    groups     = {Online Ramsey Numbers},
    readstatus = {read},
}

@article{Ramsey1930FormalLogic,
    title = {On a problem of formal logic},
    journal = {Proc. London Math. Soc.},
    volume = {30},
    pages = {264--286},
    year = {1930},
    author = {Frank P. Ramsey},
}

@article{Erdos1935ComMat,
    author = {Paul Erd{\H o}s and George Szekeres},
    journal = {Compositio Mathematica},
    keywords = {Geometry},
    language = {eng},
    pages = {463--470},
    publisher = {Johnson Reprint Corporation},
    title = {A combinatorial problem in geometry},
    comment         = {http://eudml.org/doc/88611},
    volume = {2},
    year = {1935}
}

@article{Erdos1947lowerBoundRN,
    title={Some remarks on the theory of graphs},
    author={Paul Erdős},
    journal={Bull. Amer. Math. Soc.},
    year={1947},
    volume={53},
    pages={292--294},
    issue = {4},
    comment         = {http://dx.doi.org/10.1090/S0002-9904-1947-08785-1}
}

@article{Gerencser1967pathsGRN,
    title = {On {R}amsey-type problems},
    author = {L{\'a}szl{\'o} Gerencs{\'e}r and Andr{\'a}s Gy{\'a}rf{\'a}s},
    journal = {Ann. Univ. Sci. Budapest E{\"o}tv{\"o}s Sect. Math.},
    volume = {10},
    year = {1967},
    pages = {167--170},
}

@article{Bondy1973cyclesRN,
    title = {{R}amsey numbers for cycles in graphs},
    author = {John A. Bondy and Paul Erd{\H o}s},
    journal = {Journal of Combinatorial Theory, Series B},
    volume = {14},
    pages = {46--54},
    year = {1973},
    issn = {0095-8956},
    comment         = {10.1016/S0095-8956(73)80005-X},
    comment         = {http://www.sciencedirect.com/science/article/pii/S009589567380005X},
}

@article{Rosta1973cyclesI,
    title = {On a {R}amsey type problem of {J.~A.~B}ondy and {P.~E}rd{\H o}s, {I}},
    author = {Vera Rosta},
    journal = {Journal of Combinatorial Theory, Series B},
    year = {1973},
    volume = {15},
    pages = {94--104}
}

@article{Rosta1973cyclesII,
    title = {On a {R}amsey type problem of {J.~A.~B}ondy and {P.~E}rd{\H o}s, {II}},
    author = {Vera Rosta},
    journal = {Journal of Combinatorial Theory, Series B},
    year = {1973},
    volume = {15},
    pages = {105--120}
}

@article{Schelp1974cycles,
    title = {All {R}amsey numbers for cycles in graphs},
    author = {Ralph J. Faudree and Richard H. Schelp},
    journal = {Discrete Mathematics},
    year = {1974},
    volume = {8},
    pages = {313--329}
}

@article{Spencer1975lowerBoundRN,
    title={{R}amsey's Theorem - A New Lower Bound},
    author={Joel H. Spencer},
    journal={Journal of Combinatorial Theory, Series A},
    year={1975},
    volume={18},
    pages={108-115}
}

@article{Chvtal1977TreecompleteGR,
    title = {Tree-complete graph ramsey numbers},
    author = {Va{\v s}ek Chv{\'a}tal},
    journal = {Journal of Graph Theory},
    year = {1977},
    volume = {1},
    pages = {93}
}

@article{Erdos1978TheSRN,
    title = {The Size {R}amsey Number},
    author = {Paul Erd{\H o}s and Ralph J. Faudree and Cecil C. Rousseau and Richard H. Schelp},
    journal = {Periodica Mathematica Hungarica},
    volume = {9},
    year = {1978},
    pages = {145--161},
}

@article{Erdos1978,
    title = {The size {R}amsey number, a new concept in generalized {R}amsey theory},
    author = {Paul Erd{\H o}s and Ralph J. Faudree and Cecil C. Rousseau and Richard H. Schelp},
    journal = {Periodica Mathematica Hungarica},
    volume = {9},
    year = {1978},
    pages = {145--161},
}

@article{Ajtai1980upperBoundRN,
    title={A Note on {R}amsey Numbers},
    author={Mikl{\'o}s Ajtai and J{\'a}nos Koml{\'o}s and Endre Szemer{\'e}di},
    journal={Journal of Combinatorial Theory, Series A},
    year={1980},
    volume={29},
    pages={354-360}
}

@article{Beck1983size,
    title = {On size {R}amsey number of paths, trees, and circuits. I},
    author = {J{\'o}zsef Beck},
    journal = {Journal of Graph Theory},
    volume = {7},
    number = {1},
    pages = {115--129},
    year = {1983},
    publisher = {Wiley Online Library}
}

@article {Faudree1983SmallOrderSRN,
    author = {Ralph J. Faudree and J. Sheehan},
    title = {Size {R}amsey numbers for small-order graphs},
    journal = {Journal of Graph Theory},
    volume = {7},
    number = {1},
    publisher = {Wiley Subscription Services, Inc., A Wiley Company},
    issn = {1097-0118},
    comment         = {http://dx.doi.org/10.1002/jgt.3190070107},
    comment         = {10.1002/jgt.3190070107},
    pages = {53--55},
    year = {1983}
}

@inbook{Ramsey1987FormalLogic,
    author = {Frank P. Ramsey},
    editor = {Ira Gessel and Gian-Carlo Rota},
    title = {On a Problem of Formal Logic},
    bookTitle = {Classic Papers in Combinatorics},
    year = {1987},
    publisher = {Birkh{\"a}user Boston},
    address = {Boston, MA},
    pages = {1--24},
    isbn = {978-0-8176-4842-8},
    comment         = {10.1007/978-0-8176-4842-8_1},
    comment         = {http://dx.doi.org/10.1007/978-0-8176-4842-8_1}
}

@incollection{Beck1990size,
    title = {On size {R}amsey number of paths, trees and circuits. II},
    author = {J{\'o}zsef Beck},
    booktitle = {Mathematics of {R}amsey theory},
    pages = {34--45},
    year = {1990},
    publisher = {Springer}
}

@book{Graham1990ramsey,
    title = {{R}amsey Theory},
    author = {Ronald L. Graham and Bruce L. Rothschild and Joel H. Spencer},
    isbn = {9780471500469},
    lccn = {89022670},
    series = {A Wiley-Interscience publication},
    comment         = {https://books.google.cz/books?id=55oXT60dC54C},
    year = {1990},
    publisher = {Wiley}
}

@article{Beck1993AchievementsGA,
    title = {Achievement games and the probabilistic method},
    author = {J{\'o}zsef Beck},
    journal = {Combinatorics, Paul Erd{\H o}s is Eighty},
    pages = {51--78},
    year = {1993},
    volume = {1}
}

@article{Haxell1995Trees,
    title = {The size-{R}amsey number of trees},
    author = {Penny E. Haxell and Yoshiharu Kohayakawa},
    journal = {Israel Journal of Mathematics},
    year = {1995},
    volume = {89},
    number = {1},
    pages = {261--274},
    issn = {1565--8511},
    comment         = {10.1007/BF02808204},
    comment         = {http://dx.doi.org/10.1007/BF02808204}
}

@article{Haxell1995InducedCycles,
    title = {The Induced Size-{R}amsey Number of Cycles},
    author = {Penny E. Haxell and Yoshiharu Kohayakawa and Tomasz {\L}uczak},
    journal = {Combinatorics, Probability and Computing},
    volume = {4},
    number = {03},
    pages = {217--239},
    year = {1995},
    publisher = {Cambridge Univ Press}
}

@article{Friedgut2003RamseyGA,
    title = {{R}amsey Games Against a One-Armed Bandit},
    author = {Ehud Friedgut and Yoshiharu Kohayakawa and Vojtech R\"{o}dl and Andrzej Rucinski and Prasad Tetali},
    journal = {Combinatorics, Probability \& Computing},
    year = {2003},
    volume = {12},
    pages = {515--545}
}

@article{Grytczuk2004OnlineRT,
    title = {On-line {R}amsey Theory},
    author = {Jaroslaw Grytczuk and Mariusz Ha{\l}uszczak and Hal A. Kierstead},
    journal = {Electronic Journal of Combinatorics},
    year = {2004},
    volume = {11}
}

@article{Kurek2005TwoVariants,
    title = {Two variants of the size {R}amsey number},
    author = {Andrzej Kurek and Andrzej Rucinski},
    journal = {Discussiones Mathematicae Graph Theory},
    year = {2005},
    volume = {25},
    pages = {141--149}
}

@Article{Grytczuk2008,
    author  = {Jaros{\l}aw Grytczuk and Hal A. Kierstead and Pawe{\l} Pra{\l}at},
    journal = {Discrete Mathematics \& Theoretical Computer Science},
    title   = {On-line {R}amsey Numbers for Paths and Stars},
    year    = {2008},
    volume  = {10},
    pages ={63--74}, 
    comment             = {10.46298/dmtcs.427},
    groups  = {Online Ramsey Numbers},
}

@article{Conlon2008upperBoundRN,
    author = {David Conlon},
    title = {A New Upper Bound for Diagonal {R}amsey Numbers},
    journal = {Annals of Mathematics},
    year = {2008}
}


@inproceedings{Conlon2015RecentDI,
    title={Recent developments in graph {R}amsey theory},
    author={David Conlon and Jacob Fox and Benny Sudakov},
    booktitle={Surveys in Combinatorics},
    year={2015}
}

@inproceedings{Erdos75problemsand,
    author = {Paul Erdős},
    title = {Problems and Results on Finite and Infinite Graphs},
    booktitle = {Recent advances in graph theory (Proc. Second Czechoslovak Sympos., Prague)},
    pages = {183-192},
    year = {1975}
}

@article{Pralat2008NotePaths,
    title = {A note on small on-line {R}amsey numbers for paths and their generalization},
    author = {Pawe{\l} Pra{\l}at},
    booktitle = {Australasian Journal of Combinatorics},
    year = {2008},
    month = {01},
    volume = {40},
}

@article{Marciniszyn2009UBRandomGraphs,
    title = {Upper Bounds for Online {R}amsey Games in Random Graphs},
    author = {Martin Marciniszyn and Reto Sp{\"o}hel and Angelika Steger},
    booktitle = {Combinatorics, Probability & Computing},
    year = {2009},
    month = {03},
    pages = {259-270},
    volume = {18}
}

@article{Marciniszyn2009RandomGraphs,
    title = {Online {R}amsey Games in Random Graphs},
    author = {Martin Marciniszyn and Reto Sp{\"o}hel and Angelika Steger},
    booktitle = {Combinatorics, Probability & Computing},
    year = {2009},
    month = {03},
    pages = {271-300},
    volume = {18},
}

@Article{Conlon2012,
    author={Conlon, David and Fox, Jacob and Sudakov, Benny},
    title={On two problems in graph {R}amsey theory},
    journal={Combinatorica},
    year={2012},
    volume={32},
    number={5},
    pages={513--535},
}


@article{Conlon2009OnlineRN,
    title = {On-line {R}amsey Numbers},
    author = {David Conlon},
    journal = {SIAM Journal on Discrete Mathematics},
    year = {2009},
    volume = {23},
    pages = {1954--1963}
}

@inproceedings{Bohman2009lowerBoundRN,
    title={The early evolution of the H-free process},
    author={Tom Bohman and Peter Keevash},
    year={2009}
}

@article{Kierstead2009ColoringAndHyper,
    title={Coloring number and on-line {R}amsey theory for graphs and hypergraphs},
    author={A. Kierstead, Hal and Konjevod, Goran},
    year={2009},
    month={01},
    pages={49-64},
    volume={29},
    journal={Combinatorica}
}

@article{Butterfield2011OnlineRT,
    title = {On-line {R}amsey Theory for Bounded Degree Graphs},
    author = {Jane Butterfield and Tracy Grauman and Bill Kinnersley and Kevin G. Milans and Christopher Stocker and Douglas B. West},
    journal = {Electronic Journal of Combinatorics},
    year = {2011},
    volume = {18}
}

-- Rolnick2011TreesDeg4
@article{Rolnick2011TreesWA,
    title = {Trees with an On-Line Degree {R}amsey Number of Four},
    author = {David Rolnick},
    journal = {Electronic Journal of Combinatorics},
    year = {2011},
    volume = {18}
}

@article{Pralat2012OffDiagonalPaths,
    title = {A note on off-diagonal small on-line ramsey numbers for paths},
    author = {Pave{\l} Pra{\l}at},
    journal={Ars Comb.},
    year = {2012},
    month = {10},
    volume = {107},
    pages = {295-306}
}

@article{Dellamonica2012treesSizeRN,
    title = {The size-{R}amsey number of trees},
    author = {Domingos Dellamonica},
    journal = {Random Struct. Algorithms},
    year = {2012},
    volume = {40},
    pages = {49--73}
}

@book{HandbookOfGT,
    title = {Handbook of Graph Theory},
    author = {Jonathan Gross and Jay Yellen and Ping Zhang},
    year = {2013},
    month = {12},
    publisher = {CRC Press},
    edition = {Second Edition}
}

@article{Petrckov2014OnlineRT,
    title = {Online {R}amsey Theory for Planar Graphs},
    author = {{\v S}{\'a}rka Pet{\v r}{\'i}{\v c}kov{\'a}},
    journal = {Electronic Journal of Combinatorics},
    year = {2014},
    volume = {21},
    pages = {P1.64}
}

@article{Axenovich2014AntiRN,
    title = {Online and size anti-{R}amsey numbers},
    author = {Maria Axenovich and Kolja Knauer and Judith Stumpp and Torsten Ueckerdt},
    booktitle = {Journal of Combinatorics},
    year = {2014},
    month = {02},
    pages = {87-114},
    volume = {5}
}

@article{Dudek2015altProof,
    title = {An Alternative Proof of the Linearity of the Size-{R}amsey Number of Paths},
    volume = {24},
    number = {3},
    journal = {Combinatorics, Probability and Computing},
    publisher = {Cambridge University Press},
    author = {Andrzej Dudek and Pawe{\l} Pra{\l}at},
    year = {2015},
    pages = {551--555}
}

@article{Cyman2015PathsCyclesORN,
    title = {On-line {R}amsey Numbers of Paths and Cycles},
    author = {Joanna Cyman and Tomasz Dzido and John Lapinskas and Allan Lo},
    journal = {Electronic Journal of Combinatorics},
    year = {2015},
    volume = {22},
    pages = {P1.15}
}

@inproceedings{Dudek2015hypergraphsSRN,
    title = {On the size-{R}amsey number of hypergraphs},
    author = {Andrzej Dudek and Steven La Fleur and Dhruv Mubayi and Vojtech R{\"o}dl},
    year = {2015}
}

@article{Rolnick2013DegreeCycles,
    title = {The on-line degree {R}amsey number of cycles},
    author = {David Rolnick},
    journal = {Discrete Mathematics},
    volume = {313},
    number = {20},
    pages = {2084--2093},
    year = {2013},
    issn = {0012-365X},
    doi = {10.1016/j.disc.2013.04.020},
    _url = {http://www.sciencedirect.com/science/article/pii/S0012365X13001933},
}

@article{JKOP,
    title={On the size-{R}amsey number of cycles},
    author={Ramin Javadi and Farideh Khoeini and Gholam Reza Omidi and Alexey Pokrovskiy},
    journal={Combinatorics, Probability and Computing},
    volume={28},
    number={6},
    pages={871--880},
    year={2019},
    publisher={Cambridge University Press},
    review={\MR{4015660}}
}

@article{HKL,
    title={The induced size-{R}amsey number of cycles},
    author={Penny Haxell and Yoshiharu Kohayakawa and Tomasz {\L}uczak},
    journal={Combinatorics, Probability and Computing},
    volume={4},
    pages={217--239},
    year={1995},
    publisher={Cambridge University Press},
    review={\MR{356576}}
}

@article{CDLL,
    title={On-line {R}amsey numbers for paths and cycles},
    author={Joanna Cyman and Tomasz Dzido and John Lapinskas and Allan Lo},
    journal={Electronic Journal of Combinatorics},
    volume={22},
    number={P1.15},
    year={2015}
}

@article{CFGH,
    title={Online {R}amsey numbers and the subgraph query problem},
    author={David Conlon and Jacob Fox and Andrey Grinshpun and Xiaoyu He},
    journal={Building Bridges II, Bolyai Society Mathematical Studies},
    volume={28},
    year={2019},
    publisher={Springer}
}
